@book{shen2017veroiatnost,
  title={Вероятность: примеры и задачи},
  author={Шень, Александр},
  year={2017},
  publisher={Litres}
}

@book{shen2007igri,
  title={Игры и стратегия с точки зрения математики},
  author={Шень, Александр},
  year={2007}
}

@book{brams2002delim,
  title={Делим по справедливости},
  author={Брамс, С and Тейлор, А},
  publisher={М., Синтег},
  year={2002}
}
