


@book{lvovsky2018quantum,
  title={Quantum Physics: Introduction Based on Photons},
  author={Lvovsky, AI},
  year={2018},
  publisher={Springer}
}

@book{bub2016bananaworld,
  title={Bananaworld: Quantum mechanics for primates},
  author={Bub, Jeffrey},
  year={2016},
  publisher={Oxford University Press}
}



@book{feller2013vvedenie,
  title={Введение в теорию вероятностей и ее приложения},
  author={Феллер, Вильям},
  year={2010},
  publisher={URSS: Либроком},
  hypenation={russian},
  addendum={Очень старый и очень классный учебник по теории вероятностей в двух томах}
}



@misc{stay2014deutch,
    TITLE = {Deutch's algorithm with a pair of sunglasses and some mirrors},
    AUTHOR = {Stay, Mark},
    url = {https://www.classe.cornell.edu/spr/2004-04/msg0060395.html},
    addendum = {Инструкция по сборке квантового компьютера для алгоритма Дойча.}
}

@misc{hui2017qc,
    TITLE = {Quantum computing series},
    AUTHOR = {Hui, Jonathan},
    url = {https://medium.com/@jonathan_hui/qc-quantum-computing-series-10ddd7977abd},
    addendum = {Серия статей про квантовые вычисления}
}
